<?xml version="1.0" encoding="UTF-8"?><collection xmlns="http://www.loc.gov/MARC21/slim"><record><leader>00387nam--2200133-i-4500</leader><controlfield tag="001">000022703</controlfield><controlfield tag="002">20161230</controlfield><controlfield tag="005">20161230201034</controlfield><controlfield tag="008">060222s1000------------r-----000-0-eng-d</controlfield><datafield ind1=" " ind2=" " tag="080"><subfield code="a">539.122.173</subfield></datafield><datafield ind1=" " ind2=" " tag="100"><subfield code="a">Honig, Arnost</subfield></datafield><datafield ind1=" " ind2=" " tag="245"><subfield code="a">Faktory zeslabeni sirokeho svazku gama zareni v olovu, oceli, betonu a vode</subfield></datafield><datafield ind1=" " ind2=" " tag="260"><subfield code="a">Brno, Vysoke Uceni Technicke, 1967, 4p. + 12p.Fig</subfield></datafield><datafield ind1=" " ind2=" " tag="852"><subfield code="a">27808</subfield></datafield></record></collection>